<?xml version="1.0" encoding="UTF-8"?><collection xmlns="http://www.loc.gov/MARC21/slim"><record><leader>00649nam--2200217-u-4500</leader><controlfield tag="001">000051995</controlfield><controlfield tag="002">20161230</controlfield><controlfield tag="005">20161230201049</controlfield><controlfield tag="008">090526s1000------------r-----000-0-eng-d</controlfield><datafield ind1=" " ind2=" " tag="020"><subfield code="a">9780387095783</subfield></datafield><datafield ind1=" " ind2=" " tag="040"><subfield code="a">IFIN-HH</subfield></datafield><datafield ind1=" " ind2=" " tag="080"><subfield code="a">548.73:54-162</subfield></datafield><datafield ind1="1" ind2=" " tag="100"><subfield code="a">Pecharsky, Vitalij K</subfield></datafield><datafield ind1="1" ind2="0" tag="245"><subfield code="a">Fundamentals of Powder Diffraction and Structural Characterisation of Materials</subfield><subfield code="c">Vitalij K. Pecharsky; Peter Y. Zavalij</subfield></datafield><datafield ind1=" " ind2=" " tag="250"><subfield code="a">Second Edition</subfield></datafield><datafield ind1=" " ind2=" " tag="260"><subfield code="a">New York</subfield><subfield code="b">Springer Science + Business Media</subfield><subfield code="c">2009</subfield></datafield><datafield ind1=" " ind2=" " tag="300"><subfield code="a">741 p</subfield></datafield><datafield ind1=" " ind2="4" tag="650"><subfield code="a">Materials</subfield></datafield><datafield ind1="1" ind2=" " tag="700"><subfield code="a">Zavalij, Peter Y</subfield></datafield><datafield ind1=" " ind2=" " tag="852"><subfield code="a">82252</subfield><subfield code="c">548</subfield></datafield><datafield ind1=" " ind2=" " tag="CAT"><subfield code="a">Sys</subfield><subfield code="c">20110407</subfield><subfield code="h">144955</subfield></datafield></record></collection>